@Book{Marek2009Introduction,
  author =	 {Victor W. Marek},
  title = 	 {Introduction to Mathematics of Satisfiability},
  publisher = 	 {Chapman \& Hall/CRC},
  year = 	 2009,
  series =	 {Studies in Informatics Series},
  isbn =         {978-1439801673}
}

